@article{Zeng2015,
author = {Zeng, Chunqiu and Tang, Liang and Li, Tao and Shwartz, Larisa and Grabarnik, Genady Ya},
doi = {10.1109/CNSM.2014.7014137},
isbn = {9783901882661},
journal = {Proceedings of the 10th International Conference on Network and Service Management, CNSM 2014},
pages = {19--27},
title = {{Mining temporal lag from fluctuating events for correlation and root cause analysis}},
year = {2015}
}


@inproceedings{Arora2002,
author = {Arora, Sanjeev and Bollob{\'{a}}s, B{\'{e}}la and Lov{\'{a}}sz, L{\'{a}}szl{\'{o}}},
booktitle = {The 43rd Annual IEEE Symposium on Foundations of Computer Science},
pages = {313--322},
publisher = {IEEE},
title = {{Proving Integrality Gaps without Knowing the Linear Program}},
year = {2002}
}


@article{Babaud1986,
author = {Babaud, Jean and Witkin, Andrew P. and Baudin, Michel and Duda, Richard O.},
doi = {10.1109/TPAMI.1986.4767749},
issn = {0162-8828},
journal = {IEEE Transactions on Pattern Analysis and Machine Intelligence},
number = {1},
pages = {26--33},
publisher = {IEEE},
title = {{Uniqueness of the Gaussian Kernel for Scale-Space Filtering}},
volume = {PAMI-8},
year = {1986}
}


@incollection{Benesty2009,
author = {Benesty, Jacob and Chen, Jingdong and Huang, Yiteng and Cohen, Israel},
booktitle = {Noise Reduction in Speech Processing},
doi = {10.1007/978-3-642-00296-0_5},
isbn = {978-3-642-00296-0},
pages = {1--4},
publisher = {Springer Berlin Heidelberg},
title = {{Pearson Correlation Coefficient}},
year = {2009}
}


@article{Benferhat2008,
author = {Benferhat, Salem and Kenaza, Tayeb and Mokhtari, Aicha},
title = {{A Naive Bayes Approach for Detecting Coordinated Attacks}},
journal = {32nd Annual IEEE International Computer Software and Applications (COMPSAC)},
year = {2008},
doi = {10.1109/COMPSAC.2008.213},
pages = {704--709}
}


@article{Besl1992,
author = {Besl, Paul J. and McKay, Neil D.},
doi = {10.1109/34.121791},
journal = {IEEE Transactions on Pattern Analysis and Machine Intelligence},
number = {2},
pages = {239--256},
title = {{A Method for Registration of 3-D Shapes}},
volume = {14},
year = {1992}
}


@Inbook{Blomer2013,
author = "Bl{\"o}mer, Johannes and Bujna, Kathrin",
title = "Adaptive Seeding for Gaussian Mixture Models",
bookTitle = "Advances in Knowledge Discovery and Data Mining: 20th Pacific-Asia Conference, PAKDD 2016, Auckland, New Zealand, April 19-22, 2016, Proceedings, Part II",
year = "2016",
publisher = "Springer International Publishing",
address = "Cham",
pages = "296--308",
isbn = "978-3-319-31750-2",
doi = "10.1007/978-3-319-31750-2_24"
}


@book{Brigham1974,
address = {Englewood Cliffs, New Jersey},
author = {Brigham, Elbert Oran},
isbn = {O-13-301496-X},
pages = {7},
publisher = {Prentice-Hall, Inc},
title = {{The Fast Fourier Transform}},
year = {1974}
}


@article{Bouandas2007,
author = {Bouandas, Khellaf and Osmani, Aomar},
doi = {10.1109/CIDM.2007.368932},
isbn = {1-4244-0705-2},
journal = {IEEE Symposium on Computational Intelligence and Data Mining},
pages = {610--615},
publisher = {IEEE},
title = {{Mining Association Rules in Temporal Sequences}},
year = {2007}
}


@article{Bowman1984,
author = {Bowman, Adrian W.},
doi = {10.1093/biomet/71.2.353},
journal = {Biometrika},
number = {2},
pages = {353--360},
title = {{An alternative method of cross-validation for the smoothing of density estimates}},
volume = {71},
year = {1984}
}


@inproceedings{Chetverikov2002,
author = {Chetverikov, D. and Svirko, D. and Stepanov, D. and Krsek, P.},
booktitle = {16th International Conference on Pattern Recognition},
doi = {10.1109/ICPR.2002.1047997},
isbn = {0-7695-1695-X},
issn = {1051-4651},
pages = {545--548},
publisher = {IEEE},
title = {{The Trimmed Iterative Closest Point algorithm}},
volume = {3},
year = {2002}
}


@article{Cobb2006,
author = {Cobb, Barry R. and Shenoy, Prakash P.},
doi = {10.1016/j.ijar.2005.10.002},
isbn = {0974903914},
issn = {0888613X},
journal = {International Journal of Approximate Reasoning},
number = {1-2},
pages = {21--36},
title = {{Operations for inference in continuous Bayesian networks with linear deterministic variables}},
volume = {42},
year = {2006}
}


@article{Cooper1990,
author = {Cooper, Gregory F.},
doi = {10.1016/0004-3702(90)90060-D},
issn = {0004-3702},
journal = {Artificial Intelligence},
number = {2-3},
pages = {393--405},
title = {{The Computational Complexity of Probabilistic Inference Using Bayesian Belief Networks}},
volume = {42},
year = {1990}
}


@book{Cover2006,
archivePrefix = {arXiv},
arxivId = {ISBN 0-471-06259-6},
author = {Cover, Thomas M. and Thomas, Joy A.},
booktitle = {Elements of Information Theory},
doi = {10.1002/047174882X},
eprint = {ISBN 0-471-06259-6},
isbn = {9780471241959},
issn = {15579654},
pages = {13--14, 243--248},
pmid = {20660925},
title = {{Elements of Information Theory}},
year = {2006},
publisher = {John Wiley \& Sons, Inc.}
}


@article{Cowley2014,
author = {Cowley, Benjamin and Vinci, Giuseppe},
journal = {Statistics Journal Club, 36-825},
pages = {1--23},
title = {{Summary and discussion of: “Brownian Distance Covariance”}},
year = {2014}
}


@book{Dasgupta2006,
author = {Dasgupta, Sanjoy and Papadimitriou, Christos H. and Vazirani, Umesh V.},
booktitle = {Algorithms},
isbn = {978-0073523408},
pages = {254--255},
publisher = {McGraw-Hill},
title = {{Algorithms}},
year = {2006}
}


@article{Dempster1977,
archivePrefix = {arXiv},
arxivId = {0710.5696v2},
author = {Dempster, A.P. AP and Laird, N.M. NM and Rubin, DB Donald B.},
doi = {http://dx.doi.org/10.2307/2984875},
eprint = {0710.5696v2},
isbn = {0000000779},
issn = {00359246},
journal = {Journal of the Royal Statistical Society Series B Methodological},
number = {1},
pages = {1--38},
pmid = {9501024},
title = {{Maximum Likelihood from Incomplete Data via the EM Algorithm}},
volume = {39},
year = {1977}
}


@article{Do2008,
author = {Do, Chuong B and Batzoglou, Serafim},
doi = {10.1038/nbt1406},
journal = {Nature Biotechnology},
number = {8},
pages = {897--899},
title = {{What is the expectation maximization algorithm?}},
volume = {26},
year = {2008}
}


@article{Dragomir2003,
author = {Dragomir, Sever},
issn = {1443-5756},
journal = {Journal of Inequalities in Pure and Applied Mathematics},
number = {3},
pages = {1--142},
title = {{A survey on Cauchy-Bunyakovsky-Schwarz type discrete inequalities.}},
volume = {4},
year = {2003}
}


@article{Efron2013,
author = {Efron, Bradley},
doi = {10.1126/science.1236536},
isbn = {1095-9203},
journal = {Science},
number = {6137},
pages = {1177--1178},
pmid = {23744934},
title = {{Bayes' Theorem in the 21st Century}},
volume = {340},
year = {2013}
}


@article{Ezra2008,
author = {Ezra, Esther and Sharir, Micha and Efrat, Alon},
doi = {10.1016/j.comgeo.2007.10.007},
journal = {Computational Geometry},
number = {1},
pages = {77--93},
title = {{On the performance of the ICP algorithm}},
volume = {41},
year = {2008}
}


@article{Fischler1981,
author = {Fischler, Martin A. and Bolles, Robert C.},
doi = {10.1145/358669.358692},
journal = {Commun. ACM},
number = {6},
pages = {381--395},
title = {{Random Sample Consensus: A Paradigm for Model Fitting with Applications to Image Analysis and Automated Cartography}},
volume = {24},
year = {1981}
}


@article{Friedman1997,
author = {Friedman, N and Geiger, D and Goldszmit, M},
doi = {10.1023/A:1007465528199},
issn = {1573-0565},
journal = {Machine Learning},
number = {2},
pages = {131--163},
title = {{Bayesian Network Classifiers}},
volume = {29},
year = {1997}
}


@misc{Garcia2010,
author = {Garcia, E},
pages = {1},
title = {{A Tutorial on Correlation Coefficients}},
url = {http://web.simmons.edu/~benoit/lis642/a-tutorial-on-correlation-coefficients.pdf},
urldate = {25. August 2016},
year = {2010}
}


@inproceedings{Gopal2000,
author = {Gopal, Rajeev},
booktitle = {Network Operations and Management Symposium (NOMS)},
doi = {10.1109/NOMS.2000.830425},
isbn = {0-7803-5928-3},
pages = {729--742},
publisher = {IEEE},
title = {{Layered model for supporting fault isolation and recovery}},
year = {2000}
}


@article{Hassin1994,
author = {Hassin, Refael and Rubinstein, Shlomi},
doi = {10.1016/0020-0190(94)00086-7},
issn = {0020-0190},
journal = {Information Processing Letters},
number = {3},
pages = {133--140},
title = {{Approximations for the maximum acyclic subgraph problem}},
volume = {51},
year = {1994}
}


@incollection{Houck1995,
author = {Houck, K. and Calo, S. and Finkel, A.},
booktitle = {Integrated Network Management IV},
doi = {10.1007/978-0-387-34890-2_20},
isbn = {978-1-4757-5517-6},
pages = {226--237},
publisher = {Springer US},
title = {{Towards a Practical Alarm Correlation System}},
year = {1995}
}


@article{Jakobson1993,
author = {Jakobson, Gabriel and Weissman, Mark D.},
doi = {10.1109/65.244794},
journal = {IEEE Network: The Magazine of Global Internetworking},
number = {6},
pages = {52--59},
title = {{Alarm Correlation}},
publisher = {IEEE},
volume = {7},
year = {1993}
}


@inproceedings{Kettschau2002,
author = {Kettschau, H.-J. and Bruck, S. and Schefczik, P.},
booktitle = {Network Operations and Management Symposium, 2002. NOMS 2002. 2002 IEEE/IFIP},
doi = {10.1109/NOMS.2002.1015639},
isbn = {0-7803-7382-0},
pages = {903--905},
publisher = {IEEE},
title = {{LUCAS - an Expert System for Intelligent Fault Management and Alarm Correlation}},
year = {2002}
}


@book{Lehmann2008,
author = {Lehmann, Erich Leo and Romano, Joseph P.},
edition = {3},
isbn = {978-0-387-98864-1},
publisher = {Springer New York},
title = {{Testing Statistical Hypotheses}},
year = {2008},
pages = {63--65, 81--83}
}


@article{Mannila1997,
author = {Mannila, Heikki and Toivonen, Hannu and Verkamo, A. Inkeri},
doi = {10.1023/A:1009748302351},
issn = {1573-756X},
journal = {Data Mining and Knowledge Discovery},
number = {3},
pages = {259--289},
title = {{Discovery of Frequent Episodes in Event Sequences}},
volume = {1},
year = {1997}
}


@phdthesis{Margaritis2003,
author = {Margaritis, Dimitris},
number = {May},
school = {Carnegie Mellon University},
title = {{Learning Bayesian Network Model Structure from Data}},
type = {Doctoral Dissertation},
year = {2003}
}


@article{Marvasti2013,
author = {Marvasti, Mazda A. and Poghosyan, Arnak V. and Harutyunyan, Ashot N. and Grigoryan, Naira M.},
journal = {VMWARE TECHNICAL JOURNAL},
number = {JUNE},
pages = {35--45},
title = {{An Anomaly Event Correlation Engine : Identifying Root Causes , Bottlenecks , and Black Swans in IT Environments}},
volume = {2},
year = {2013}
}


@article{MolineroVelasco2012,
author = {{Molinero Velasco}, Francisco Javier},
doi = {10.5430/air.v1n2p75},
issn = {1927-6974},
journal = {Artificial Intelligence Research},
number = {2},
pages = {75--85},
title = {{A Bayesian Network approach to diagnosing the root cause of failure from Trouble Tickets}},
volume = {1},
year = {2012}
}


@article{Murty1987,
author = {Murty, Katta G. and Kabadi, Santosh N.},
doi = {10.1007/BF02592948},
issn = {14364646},
journal = {Mathematical Programming},
number = {2},
pages = {117--129},
title = {{Some NP-complete problems in quadratic and nonlinear programming}},
volume = {39},
year = {1987}
}


@article{Nelder1965,
author = {Nelder, J. A. and Mead, R.},
doi = {10.1093/comjnl/7.4.308},
isbn = {9781605580852},
issn = {0010-4620},
journal = {Computer Journal},
pages = {308--313},
title = {{A simplex method for function minimization}},
volume = {7},
year = {1965}
}


@book{Papadimitriou1994,
author = {Papadimitriou, Christos H.},
booktitle = {Computational complexity},
isbn = {0-521-63235-9},
pages = {76--78},
publisher = {Addison Wesley Longman},
title = {{Computational Complexity}},
year = {1994}
}


@article{Pearson1895,
author = {Pearson, Karl},
journal = {Proceedings of the Royal Society of London},
number = {347-352},
pages = {240--242},
publisher = {The Royal Society},
title = {{Note on regression and inheritance in the case of two parents}},
volume = {58},
year = {1895}
}


@article{Phillips2007,
author = {Phillips, Jeff M. and Liu, Ran and Tomasi, Carlo},
doi = {10.1109/3DIM.2007.39},
journal = {Proceedings 6th International Conference on 3-D Digital Imaging and Modeling (3DIM)},
pages = {427--434},
title = {{Outlier robust ICP for minimizing fractional RMSD}},
year = {2007}
}


@article{Pomerleau2015,
author = {Pomerleau, Fran{\c{c}}ois and Colas, Francis and Siegwart, Roland},
doi = {10.1561/2300000035},
journal = {Foundations and Trends in Robotics},
number = {1},
pages = {1--104},
title = {{A Review of Point Cloud Registration Algorithms for Mobile Robotics}},
volume = {4},
year = {2015}
}


@article{Rao1981,
author = {Rao, J. N. K. and Scott, A. J.},
journal = {Journal of the American Statistical Association},
number = {374},
pages = {221--230},
title = {{The Analysis of Categorical Data From Complex Sample Surveys: Chi-Squared Tests for Goodness of Fit and Independence in Two-Way Tables}},
volume = {76},
year = {1981}
}


@book{Reichmann1961,
author = {Reichmann, W. J.},
isbn = {9780412119804},
publisher = {Oxford University Press},
title = {{Use And Abuse of Statistics}},
year = {1961}
}


@book{Russell2010,
author = {Russell, Stuart J. and Norvig, Peter},
edition = {3},
isbn = {0137903952},
pages = {524--528},
publisher = {Pearson Education},
title = {{Artificial Intelligence: A Modern Approach}},
year = {2010}
}


@article{Rusu2009,
author = {Rusu, Radu Bogdan and Blodow, Nico and Beetz, Michael},
doi = {10.1109/ROBOT.2009.5152473},
isbn = {978-1-4244-2788-8},
issn = {1050-4729},
journal = {IEEE International Conference on Robotics and Automation},
pages = {3212--3217},
title = {{Fast Point Feature Histograms (FPFH) for 3D registration}},
year = {2009}
}


@article{Raykar2006,
author = {Raykar, Vikas Chandrakant and Duraiswami, Ramani},
journal = {Technical Reports from UMIACS UMIACS-TR-2005-73},
pages = {522--526},
title = {{Very fast optimal bandwidth selection for univariate kernel density estimation}},
year = {2006}
}


@article{Rizzo2016,
author = {Rizzo, Maria L. and Sz{\'{e}}kely, G{\'{a}}bor J.},
doi = {10.1002/wics.1375},
issn = {19390068},
journal = {Wiley Interdisciplinary Reviews: Computational Statistics},
number = {1},
pages = {27--38},
title = {{Energy distance}},
volume = {8},
year = {2016}
}


@article{Rosenblatt1956,
author = {Rosenblatt, Murray},
doi = {10.1214/aoms/1177728190},
journal = {The Annals of Mathematical Statistics},
number = {3},
pages = {832--837},
title = {{Remarks on Some Nonparametric Estimates of a Density Function}},
volume = {27},
year = {1956}
}


@book{Scott1992,
author = {Scott, David W.},
isbn = {0-471-54770-0},
publisher = {Wiley-Interscience},
title = {{Multivariate Density Estimation : Theory, Practice, and Visualization}},
address = {New York},
year = {1992}
}


@article{Shannon1951,
author = {Shannon, C.E.},
doi = {10.1002/j.1538-7305.1951.tb01366.x},
isbn = {0005-8580},
issn = {15387305},
journal = {Bell System Technical Journal},
number = {1},
pages = {50--64},
title = {{Prediction and Entropy of Printed English}},
volume = {30},
year = {1951}
}


@book{Sierksma2001,
title={Linear and Integer Programming: Theory and Practice, Second Edition},
author={Sierksma, G.},
isbn={9780824706739},
lccn={2001047117},
series={Advances in Applied Mathematics},
year={2001},
publisher={Taylor \& Francis}
}


@article{Spielman2004,
author = {Spielman, D and Teng, S},
doi = {Doi 10.1145/990308.990310},
eprint = {0111050v7},
isbn = {0004-5411},
issn = {0004-5411},
journal = {Journal of the Association for Computing Machinery},
number = {3},
pages = {385--463},
primaryClass = {arXiv:cs},
title = {{Smoothed Analysis of Algorithms: Why the Simplex Algorithm Usually Takes Polynomial Time}},
volume = {51},
year = {2004}
}


@misc{So2008,
author = {So, Stephen},
pages = {1--4},
title = {{Why is the sample variance a biased estimator?}},
year = {2008}
}


@article{Student1908,
author = {Student},
doi = {10.1093/biomet/6.1.1},
issn = {0006-3444},
journal = {Biometrika},
number = {1},
pages = {1--25},
title = {{The Probable Error of a Mean}},
volume = {6},
year = {1908}
}


@article{Szekely2009,
archivePrefix = {arXiv},
arxivId = {1010.0844},
author = {Sz{\'{e}}kely, G{\'{a}}bor J. and Rizzo, Maria L.},
doi = {10.1214/09-AOAS312},
eprint = {1010.0844},
isbn = {1932-6157},
issn = {19326157},
journal = {The Annals of Applied Statistics},
number = {4},
pages = {1236--1265},
pmid = {20574547},
title = {{Brownian distance covariance}},
volume = {3},
year = {2009}
}


@misc{ThePennsylvaniaStateUniversity2017,
author = {{The Pennsylvania State University}},
title = {{Hypothesis Testing}},
url = {https://onlinecourses.science.psu.edu/statprogram/node/138},
urldate = {2017-01-23},
year = {2017}
}


@article{Yao1998,
author = {Yao, Qiwei and Tong, Howell},
doi = {10.1016/S0378-3758(97)00151-1},
journal = {Journal of statistical planning and inference},
number = {2},
pages = {387--415},
title = {{Cross-Validatory Bandwidth Selections For Regression Estimation Based on Dependent Data}},
volume = {68},
year = {1998}
}


@inproceedings{Zhou2015,
author = {Zhou, Wubai and Li, Tao and Shwartz, Larisa and Grabarnik, Genady Ya},
booktitle = {2015 11th International Conference on Network and Service Management (CNSM)},
doi = {10.1109/CNSM.2015.7367333},
isbn = {978-3-9018-8277-7},
pages = {15--21},
publisher = {IEEE},
title = {{Recommending Ticket Resolution using Feature Adaptation}},
year = {2015}
}




# Reference for images

@misc{Glira2016,
author = {Glira, Philipp},
title = {{Iterative Closest Point (ICP)}},
url = {https://www.youtube.com/watch?v=uzOCS\_gdZuM},
urldate = {19.12.2016},
year = {2016}
}




@inproceedings{Hontani2012,
  author = {Hontani, Hidekata and Matsuno, Takamiti and Sawada, Yoshihide},
  booktitle = {CVPR},
  isbn = {978-1-4673-1226-4},
  pages = {174--181},
  publisher = {IEEE Computer Society},
  title = {Robust nonrigid ICP using outlier-sparsity regularization.},
  year = 2012
}


@article{Hanebeck2003,
author = {Hanebeck, Uwe D. and Briechle, Kai and Rauh, Andreas},
title = {Progressive Bayes: a new framework for nonlinear state estimation},
journal = {Proc. SPIE},
volume = {5099},
number = {},
pages = {256-267},
year = {2003},
doi = {10.1117/12.487806},
}
