% This file was created with JabRef 2.10.
% Encoding: Cp1252


@InProceedings{Zeng2015,
  Title                    = {{Mining Temporal Lag from Fluctuating Events for Correlation and Root Cause Analysis}},
  Author                   = {Chunqiu Zeng and Liang Tang and Tao Li and Larisa Shwartz and Genady Ya. Grabarnik},
  Booktitle                = {Proceedings of the 10th International Conference on Network and Service Management},
  Year                     = {2015},
  Pages                    = {19--27},

  Owner                    = {usimhuber},
  Timestamp                = {2016.11.23}
}

